%==============================================================================
% Papers, URLs, and Books 
%==============================================================================

% This paper reference has been downloaded from the ACM digital library
@inproceedings{Wick2005,
 author = {Wick, Michael and Stevenson, Daniel and Wagner, Paul},
 title = {Using testing and JUnit across the curriculum},
 booktitle = {Proceedings of the 36th SIGCSE technical symposium on Computer science education},
 series = {SIGCSE '05},
 year = {2005},
 isbn = {1-58113-997-7},
 location = {St. Louis, Missouri, USA},
 pages = {236--240},
 numpages = {5},
 acmid = {1047427},
 publisher = {ACM},
 address = {New York, NY, USA},
 keywords = {JUnit, testing, unit testing, unit testing frameworks},
} 


% How to define a URL reference
@unpublished{dpquiz,
   author = "Vince Huston",   
   note = "[Stand: August 3. 2011]",
   title = "Huston Design Patterns",
   year = "2011",
   URL = "http://www.vincehuston.org/dp/"
}


% How to deefine book references
@Book{Gamma95,
  author =       "Erich Gamma and Richard Helm and Ralph Johnson and
                 John Vlissides",
  title =        "Design Patterns",
  publisher =    "Addison Wesly",
  address =      "Reading, MA",
  year =         "1995",
  keywords =     "olit-oose design-patterns reuse book scglib sclit",
  ISBN =         "0-201-63361-2-(3)",
}


@Book{Marinescu02,
  author =       "Floyd Marinescu",
  title =        "EJB Design Patterns: Advanced Patterns, Processes and Idioms",
  publisher =    "Wiley Computer Publishing",
  year =         "2002",
}


@Book{POSA1,
  author =       "Frank Buschmann and Regine Meunier and Hans Rohnert and Peter Sommerlad and Michael Stal",
  title =        "Pattern--Oriented Software Architecture: A System of Patterns",
  publisher =    "John Wiley \& Sons",
  year =         "1996",
  ISBN =         "0 471 95869 7",
}

@Book{POSA2,
  author =       "Douglas Schmidt and Michael Stal and Hans Rohnert and Frank Buschmann",
  title =        "Pattern--Oriented Software Architecture Volume 2: Patterns for Concurrent and Networked Objects",
  publisher =    "John Wiley \& Sons",
  year =         "2000",
  ISBN =         "0 471 60695 2",
}

@Book{ServerComponentPatterns02,
  author =       "Markus Volter and Alexander Schmid and Eberhard Wolff",
  title =        "Server Component Patterns, Component Infrastructures Illustrated with EJB",
  publisher =    "John Wiley \& Sons",
  year =         "2002",
  ISBN =         "0 470 84319 5",
}

@Book{PatternsOfEnterpriseApplicationArchitecture03,
  author =       "Martin Fowler",
  title =        "Patterns of Enterprise Application Architecture",
  publisher =    "Addison Wesly",
  address =      " ",
  year =         "2003",
  keywords =     " ",
  ISBN =         "0 321 12742 0",
}


@Book{J2EECorePatterns,
  author =       "Deepak Alur and John Crupi and Dan Malks",
  title =        "Core J2EE Patterns. Best Practice and Design Strategies, Second Edition",
  publisher =    "Prentice Hall",
  year =         "2003",
  ISBN =         "0 13 142246 4",
}

